@misc{emnist,
	title={{EMNIST}: an extension of {MNIST} to handwritten letters}, 
	author={Gregory Cohen and Saeed Afshar and Jonathan Tapson and Andr√© van Schaik},
	year={2017},
	eprint={1702.05373},
	archivePrefix={arXiv}
}

@misc{ExpEMNIST,
	author    = "Simon Wenkel",
	title     = "{Exploring EMNIST}",
	year = "2019",
	howpublished = "\url{https://www.simonwenkel.com/2019/07/16/exploring-EMNIST.html}",
	note = "[Online; accessed 11-Fev-2022]"
}

@misc{Dends,
	title     = "{How to Read a Dendrogram}",
	year = "2012",
	howpublished = "\url{https://wheatoncollege.edu/wp-content/uploads/2012/08/How-to-Read-a-Dendrogram-Web-Ready.pdf}",
	note = "[Online; accessed 11-Fev-2022]"
}
